@InCollection{billington04,
  author =       {J. Billington and G.E. Gallasch and B. Han},
  title =        {{A Coloured {Petri} Net Approach to Protocol Verification}},
  booktitle =    {Lectures on Concurrency and Petri Nets},
  pages =        {210-290},
  publisher = {Springer},
  year =         2004,
  volume =       3098,
  series =       {Lecture Notes in Computer Science}}

@Book{baier2008,
  author = 	 {C. Baier and J-P Katoen},
  title = 	 {Principles of Model Checking},
  publisher = 	 {MIT Press},
  year = 	 2008}

@Book{cpnbook,
  author = 	 {K. Jensen and L.M. Kristensen},
  title = 	 {Coloured Petri Nets - Modelling and Validation of Concurrent Systems},
  publisher = 	 {Springer},
  year = 	 2009}


@InProceedings{kentmde2002,
  author = 	 {S. Kent},
  title = 	 {{Model Driven Engineering}},
  booktitle = {Proc. of IFM'02},
  pages = 	 {286-298},
  year = 	 2002,
  volume = 	 2335,
  series = 	 {LNCS},
  publisher = {Springer}}

@InProceedings{acpn2012,
  author = 	 {L.M. Kristensen and K.I.F. Simonsen},
  title = 	 {{Applications of Coloured Petri Nets for Functional Validation of Protocol Designs}},
  booktitle = {Transactions on Petri Nets and Other Models of Concurrency VII},
  year = 	 2013,
  series = 	 {LNCS},
  publisher = {Springer},
volume={7480},
pages={56-115}
}
@InProceedings{ecmfa14,
  author= {K.I.F. Simonsen},
  title = {{An Evaluation of Automated Code Generation with the PetriCode Approach}},
  booktitle = {{Submitted to: PNSE'14}}
}
@ARTICLE{Jen81,
  author = {K. Jensen},
  title = {Coloured {Petri} Nets and Invariant Methods},
  journal = tcs,
  year = {1981},
  volume = {14},
  pages = {317--336}
}

# EK: I added the following reference, but did not have the complete bibliographic data.
#     Lars and Kent, can you, please, add the missing data: page number, editors, ...
@INPROCEEDINGS{KrSi12,
  author    = {K.I.F. Simonsen and L.M. Kristensen},
  title     = {{Towards a {CPN}-based Modelling Approach for Reconciling Verification and Implementation of Protocol Models}},
  booktitle = {Proc. of MOMPES'12},
  series =    {LNCS},
  publisher = {Springer},
  location  = {Essen, Germany},
  year      = {2012},
  volume={7706},
pages={106-125},
 
}  

@inproceedings{SIMONSEN2011,
  author    = {K.I.F. Simonsen},
  title     = {{On the use of Pragmatics for Model-based Development of Protocol Software}},
  booktitle = {Proc of PNSE '11},
  pages =  {179-190},
  year = {2011},
  owner = {kent},
  publisher =    {CEUR-WS.org},
  url = 	 {http://CEUR-WS.org/Vol-723},
series = 	 {CEUR Workshop Proceedings},
volume = 	 723,

  timestamp = {2011.09.07}
}


@inproceedings{Buse_2008,
 author = {Buse, R.P.L. and Weimer, W.R.},
 title = {A metric for software readability},
 booktitle = {Proc. of ISSTA'08},
 
 year = {2008},
 isbn = {978-1-60558-050-0},
 location = {Seattle, WA, USA},
 pages = {121--130},
 numpages = {10},
 url = {http://doi.acm.org/10.1145/1390630.1390647},
 doi = {10.1145/1390630.1390647},
 acmid = {1390647},
 publisher = {ACM},
 address = {NY, USA},
 keywords = {FindBugs, code metrics, machine learning, program understanding, software maintenance, software readability},
} 

@TECHREPORT{SKK13,
  author = {K.I.F Simonsen and L.M. Kristensen and E. Kindler},
  title = {{Code Generation for Protocol Software from {CPN} models Annotated with Pragmatics}},
  institution = {Technical University of Denmark, DTU Informatics},
  year = {2013},
  number = {IMM-Technical Reports-2013-01},	
  month = jan,
  note = {Available via \url{http://bit.ly/WwH2hf}}
}

@INPROCEEDINGS{SKK13-2,
year={2013},
OPTisbn={978-3-642-41070-3},
booktitle={{Formal Methods: Foundations and Applications}},
volume={8195},
OPTseries={Lecture Notes in Computer Science},
series={{LNCS}},
OPTeditor={Iyoda, Juliano and Moura, Leonardo},
OPTdoi={10.1007/978-3-642-41071-0_16},
title={{Generating Protocol Software from CPN Models Annotated with Pragmatics}},

OPTurl={http://dx.doi.org/10.1007/978-3-642-41071-0_16},
OPTpublisher={Springer Berlin Heidelberg},
publisher={Springer},
OPTauthor={Simonsen, KentIngeFagerland and Kristensen, LarsM. and Kindler, Ekkart},
author={Simonsen, K. I. F. and Kristensen, L. M. and Kindler, E.},
pages={227-242}
}

@TECHREPORT{PETRICODE-TR-1,
  author = {K.I.F. Simonsen},
  title = {{PetriCode: A Tool for Template-based Code Generation from CPN Models}},
  institution = {PetriCode},
    year = {2013},
  month = {june},
  number = {DTU Compute-Technical Reports-2013-11},	
   
}

@inproceedings{Brumbulli:2010:SCG:2022793.2022806,
 author = {Brumbulli, M. and Fischer, J.},
 title = {{SDL Code Generation for Network Simulators}},
 booktitle = {Proc of SAM '10},
 series = {LNCS},
 volume = {6598},
 year = {2011},
 isbn = {978-3-642-21651-0},
 location = {Oslo, Norway},
 pages = {144--155},
 numpages = {12},
 url = {http://dl.acm.org/citation.cfm?id=2022793.2022806},
 acmid = {2022806},
 publisher = {Springer},
 
 keywords = {SDL, code generation, ns-3},
}


@inproceedings{fischer2009model,
  title={{Model-based Development of Self-organizing Earthquake Early Warning Systems}},
  author={Fischer, J. and K{\"u}hnlenz, F. and Ahrens, K. and Eveslage, I.},
  booktitle={Proceedings of MATHMOD},
  year={2009}
}

@INPROCEEDINGS{897216,
author={Hannikainen, M. and Knuutila, J. and Hamalainen, T. and Saarinen, J.},
booktitle={proc International Symposium on Multimedia Software Engineering }, 
title={Using {SDL} for implementing a wireless medium access control protocol},
year={2000},
month={},
volume={},
number={},
pages={229 -236},
keywords={Access protocols;Application software;Design optimization;Digital signal processing;Embedded software;Hardware;Laboratories;Media Access Protocol;Wireless LAN;Wireless application protocol;access protocols;specification languages;wireless LAN;MAC protocol;SDL design flow;SDL development;SDL model;Specification and Description Language;abstraction level;architectural design;embedded Medium Access Control;formal presentation;functional simulations;general SDL model;graphical notation;high abstraction level system design language;operational platform;performance improvements;performance simulations;source C code;target platform dependencies;top-down design approach;wireless medium access control protocol;workstation environment;},
doi={10.1109/MMSE.2000.897216},
ISSN={},}

@ARTICLE{60315,
author={Suzuki, I.},
journal={Software Engineering, IEEE Transactions on}, title={Formal analysis of the alternating bit protocol by temporal {Petri} nets},
year={1990},
month={nov},
volume={16},
number={11},
pages={1273 -1281},
keywords={Computer simulation;Formal specifications;Logic;Petri nets;Protocols;Safety;Timing;Transmission line theory;Transmission lines;Petri nets;automata theory;formal specification;program verification;programming theory; omega;-regular expressions;Buchi-automata;alternating bit protocol;firings;formal analysis;formal specification;formal verification;formulas;temporal Petri nets;temporal operators;transitions;},
doi={10.1109/32.60315},
ISSN={0098-5589}}

@TECHREPORT{WPS,
  author={Wagstaff, K. and Peters, K. and Scharenbroich, L.},
  title={From protocol specification to statechart to implementation},
  number={CL08-4014},
  year = {2008},
  institution = {Jet Propulsion Laboratory} 
}


@INPROCEEDINGS{1283943,
author={Pozza, D. and Sisto, R. and Durante, L.},
booktitle={Proc. of Advanced Information Networking and Applications}, 
title={{Spi2Java}: automatic cryptographic protocol {Java} code generation from spi calculus},
year={2004},
month={},
volume={1},
number={},
pages={ 400 - 405},
keywords={Authentication;Calculus;Computer science;Computer security;Cryptographic protocols;Cryptography;Formal specifications;Java;Niobium;Risk analysis; Java; cryptography; formal specification; process algebra; program compilers; protocols; specification languages; Java code generation; Spi2Java; cryptographic protocols; formal specification; parser analyzer; preprocessor analyzer; protocol flaw detection; security analyzer; specification language; spi calculus;},
doi={10.1109/AINA.2004.1283943},
ISSN={}}

@inproceedings{DBLP:conf/apn/ChoppyDEHKP10,
  author    = {C. Choppy and
               A. Dedova and
               S. Evangelista and
               S. Hong and
               K. Klai and
               L. Petrucci},
  title     = {{The NEO Protocol for Large-Scale Distributed Database Systems:
               Modelling and Initial Verification}},
  booktitle = {Proc. of ICATPN'10},
  year      = {2010},
  pages     = {145-164},
  publisher = {Springer},
  series    = {LNCS},
  volume    = {6128}
}

@article{Budkowski19873,
title = {An Introduction to {Estelle}: A Specification Language for Distributed Systems},
journal = {Computer Networks and ISDN Systems},
volume = 14,
number = 1,
pages = {3 - 23},
year = 1987,
note = {},
issn = {0169-7552},
doi = {10.1016/0169-7552(87)90084-5},
url = {http://www.sciencedirect.com/science/article/pii/0169755287900845},
author = {S. Budkowski and P. Dembinski},

}

@article{Leduc20001089,
title = {Verification of security protocols using {LOTOS}-method and application},
journal = "Computer Communications",
volume = "23",
number = "12",
pages = "1089 - 1103",
year = "2000",
note = "",
issn = "0140-3664",
doi = "10.1016/S0140-3664(99)00239-X",
url = "http://www.sciencedirect.com/science/article/pii/S014036649900239X",
author = "G. Leduc and F. Germeau",
keywords = "Security protocol",
keywords = "LOTOS",
keywords = "Protocol verification",
keywords = "Model-checking"
}

@inproceedings{DBLP:conf/apn/Mortensen00,
  author    = {K. H. Mortensen},
  title     = {Automatic Code Generation Method Based on Coloured {Petri}
               Net Models Applied on an Access Control System},
  booktitle = {Proc. of ICATPN'00},
  series =    {LNCS},
  volume =    {1825},
  year      = {2000},
  pages     = {367-386},
  ee        = {http://dx.doi.org/10.1007/3-540-44988-4_21},
  bibsource = {DBLP, http://dblp.uni-trier.de}
}

@incollection{Kristensen2010,
year={2010},
isbn={978-3-642-15897-1},
booktitle={Proc. of FMICS'10},
volume={6371},
series={LNCS},
doi={10.1007/978-3-642-15898-8_14},
title={{Automatic Structure-Based Code Generation from Coloured Petri Nets: A Proof of Concept}},
url={http://dx.doi.org/10.1007/978-3-642-15898-8_14},
publisher={Springer},
author={Kristensen, L.M. and Westergaard, M.},
pages={215-230}
}

@inbook{Alanen2005,
  title={On Modeling Techniques for Supporting Model Driven Development of Protocol Processing Applications},
  booktitle={Model-Driven Software Development},
  author={Alanen, M. and Lilius, J. and Porres, I. and Truscan, D.},
editor = {Beydeda, Sami; Book, Matthias; Gruhn, Volker},  
publisher={Springer},
  pages={305-328},
  year={2005}
}


@incollection{KUMMER2004,
year={2004},
isbn={978-3-540-22236-1},
booktitle={Proc. of ICATPN '04},
volume={3099},
series={LNCS},

doi={10.1007/978-3-540-27793-4_29},
title={{An Extensible Editor and Simulation Engine for Petri Nets: Renew}},
url={http://dx.doi.org/10.1007/978-3-540-27793-4_29},
publisher={Springer},
keywords={Reference nets; Renew; plug-in; architecture; high-level Petri nets; nets-within-nets; tool; integrated development environment},
author={Kummer, O. and others},
pages={484-493}
}

@incollection{cAlLiPoTr05a,
  title = {On Modeling Techniques for Supporting Model Driven Development of Protocol Processing Applications},
  booktitle = {Model-Driven Software Development},
  author = {Alanen, M. and Lilius, J. and Porres, I. and Truscan, D.},
  
  publisher = {Springer},
  pages = {305-328},
  year = {2005},
}

@article{Kristensen2008,
year={2008},
issn={1433-2779},
journal={International Journal on Software Tools for Technology Transfer},
volume={10},
issue={1},
doi={10.1007/s10009-007-0053-y},
title={Model-based development of a course of action scheduling tool},
url={http://dx.doi.org/10.1007/s10009-007-0053-y},
publisher={Springer-Verlag},
keywords={Application of Coloured Petri nets; State space analysis; Scheduling; Command and control; Methodologies; Tools},
author={L. M. Kristensen and  P. Mechlenborg and L. Zhang and B. Mitchell and G. E. Gallasch},
pages={5-14},
language={English}
}

@article{Philippi20061444,
author = "S. Philippi",
title = "Automatic code generation from high-level {Petri}-Nets for model driven systems engineering",
journal = "Journal of Systems and Software",
volume = "79",
number = "10",
pages = "1444 - 1455",
year = "2006",
issn = "0164-1212",
doi = "10.1016/j.jss.2005.12.022",
url = "http://www.sciencedirect.com/science/article/pii/S0164121205001901"
}

@INPROCEEDINGS{Lassen_translatingcolored,
    author = {K. B. Lassen and S. Tjell},
    title = {Translating Colored Control Flow Nets into Readable {Java} via Annotated {Java} Workflow Nets},
    booktitle = {Proc. of 8th CPN Workshop},
    year = {2007}
}

@INPROCEEDINGS{Jorgensen05,
    author = {J. B. Jørgensen and K. B. Lassen},
    title = {Let’s Go All the Way: From Requirements via Colored Workflow Nets to a {BPEL} Implementation of a New Bank System},
    booktitle = {In Proc. of CoopIS'05},
    series = {LNCS},
    volume = {3760},
    year = {2005},
    pages = {22--39},
    publisher = {Springer}
}

@INPROCEEDINGS{SKK12,
  author    = {Kent I. F. Simonsen and Lars M. Kristensen and Ekkart Kindler},
  title     = {Code Generation for Protocols from {CPN} models Annotated with Pragmatics -- Extended Abstract},
  booktitle = { $24^{th}$ Nordic Workshop on Programming Theory},
  location  = {Bergen, Norway},
  year      = {2012},
  month     = nov
}




@MANUAL{ACCESSCPN,
  title = {{Project Web Site}},
  author = {{Access/CPN}},
  note = {http://cpntools.org/accesscpn},
  owner = {kent},
  timestamp = {2011.09.07}
}


@incollection{ACCESSCPNPAPER,
year={2009},
isbn={978-3-642-02423-8},
booktitle={Proc. of ICATPN '09},
volume={5606},
series={LNCS},

doi={10.1007/978-3-642-02424-5_19},
title={{The Access/CPN Framework: A Tool for Interacting with the CPN Tools Simulator}},
url={http://dx.doi.org/10.1007/978-3-642-02424-5_19},
publisher={Springer},
author={Westergaard, M. and Kristensen, L.M.},
pages={313-322}
}

@MANUAL{Groovy,
  title = {{Project Web Site}},
  author = {{Groovy}},
  note = {\url{http://groovy.codehaus.org}},
  owner = {aronnax},
  timestamp = {2010.04.29}
}@inproceedings{Kroiss:2009:UMG:1574438.1574498,
 author = {Kroiss, C. and Koch, N, and Knapp, A.},
 title = {{UWE4JSF: A Model-Driven Generation Approach for Web Applications}},
 booktitle = {Proc. og ICWE '09},
 
 year = {2009},
 isbn = {978-3-642-02817-5},
 location = {San Sebasti\&\#225;n, Spain},
 pages = {493--496},
 numpages = {4},
 url = {http://dx.doi.org/10.1007/978-3-642-02818-2_46},
 doi = {10.1007/978-3-642-02818-2_46},
 acmid = {1574498},
 publisher = {Springer},
 
} 

@inproceedings{Milosavljevic:2002:ACG:638476.638489,
 author = {Milosavljevi\'{c}, Branko and Vidakovi\'{c}, Milan and Konjovi\'{c}, Zora},
 title = {Automatic code generation for database-oriented web applications},
 booktitle = {Proceedings of the inaugural conference on the Principles and Practice of programming, 2002 and Proceedings of the second workshop on Intermediate representation engineering for virtual machines, 2002},
 series = {PPPJ '02/IRE '02},
 year = {2002},
 isbn = {0 901519 87 1},
 location = {Dublin, Ireland},
 pages = {59--64},
 numpages = {6},
 url = {http://dl.acm.org/citation.cfm?id=638476.638489},
 acmid = {638489},
 publisher = {National University of Ireland},
 address = {Maynooth, County Kildare, Ireland, Ireland},
} 


@inproceedings{Wehrmeister:2008:GTC:1371608.1372817,
 author = {Wehrmeister, M.A. and Freitas, E.P. and Pereira, C.E. and Rammig, F.},
 title = {GenERTiCA: A Tool for Code Generation and Aspects Weaving},
 booktitle = {Proc. of ISORC '08},
 
 year = {2008},
 isbn = {978-0-7695-3132-8},
 pages = {234--238},
 numpages = {5},
 url = {http://dx.doi.org/10.1109/ISORC.2008.67},
 doi = {10.1109/ISORC.2008.67},
 acmid = {1372817},
 publisher = {IEEE Computer Society},
 address = {Washington, DC, USA},
 keywords = {Code Generation, UML modeling, Aspect-Orientation, Distributed Real-Time Embedded Systems},
} 




@inproceedings{Kroiss:2009:UMG:1574438.1574498,
 author = {Kroiss, Christian and Koch, Nora and Knapp, Alexander},
 title = {UWE4JSF: A Model-Driven Generation Approach for Web Applications},
 booktitle = {Proceedings of the 9th International Conference on Web Engineering},
 series = {ICWE '9},
 year = {2009},
 isbn = {978-3-642-02817-5},
 location = {San Sebasti\&\#225;n, Spain},
 pages = {493--496},
 numpages = {4},
 url = {http://dx.doi.org/10.1007/978-3-642-02818-2_46},
 doi = {10.1007/978-3-642-02818-2_46},
 acmid = {1574498},
 publisher = {Springer-Verlag},
 address = {Berlin, Heidelberg},
} 



@INPROCEEDINGS{1373880,
author={Kukkala, P. and Helminen, V. and Hannikainen, M. and Hamalainen, T.D.},
booktitle={Proc. of PIMRC '04}, 
title= {{UML 2.0 implementation of an embedded WLAN protocol}},
year={2004},
volume={2},
pages={1158-1162 Vol.2},
keywords={Unified Modeling Language;access protocols;programming language semantics;wireless LAN;TUTMAC protocol;UML 2.0;Unified Modelling Language;automatic source code generation;embedded WLAN protocol;language notation;medium access control protocol;semantics;wireless local area network;Access protocols;Computer networks;Connectors;Hardware;Media Access Protocol;Object oriented modeling;Packaging;Unified modeling language;Wireless LAN;Wireless application protocol},
doi={10.1109/PIMRC.2004.1373880},}


@INPROCEEDINGS{848753,
author={Parssinen, J. and von Knorring, N. and Heinonen, J. and Turunen, M.},
booktitle={Proc. of TOOLS '00}, 
title={{UML for protocol engineering-extensions and experiences}},
year={2000},
pages={82-93},

keywords={diagrams;object-oriented languages;object-oriented methods;protocols;visual languages;GPDL;Generic Action Extension Language;Graphical Protocol Description Language;SDL;UML;Unified Modeling Language;class diagrams;code generation;formal action semantics;general-purpose visual language;protocol engineering;statechart transitions;textual language;Access protocols;Context;Context-aware services;Information technology;Open systems;Read only memory;Unified modeling language;Wireless application protocol},
doi={10.1109/TOOLS.2000.848753},}


@MANUAL{WEBSITE,
  title = {{Project Web Site}},
  author = {{PetriCode}},
  note = {http://kentis.github.io/nppn-cli/},
  owner = {kent},
  timestamp = {2011.09.07}
}

@MANUAL{GLASSFISH,
  title = {{GlassFish Application Server}},
  author = {{Oracle Corporation}},
  note = {\url{https://glassfish.java.net/}},
  owner = {kent},
  timestamp = {2011.09.07}
}


@MANUAL{chat_example,
  title = {{Chat Sever using WebSocket in GlassFish 4}},
  author = {{A. Gupta}},
  note = {{\\ \url{https://blogs.oracle.com/arungupta/entry/chat_sever_using_websocket_totd}}},
  owner = {kent},
  timestamp = {2011.09.07}
}

@MANUAL{CPNTOOLS,
  title = {{Home Page}},
  author = {{CPN Tools}},
  note = {\url{http://cpntools.org/}},
  owner = {kent},
  timestamp = {2011.09.07}
}

@MANUAL{SWEXAMPLE,
  title = {{Example protocol}},
  author = {{PetriCode}},
  note = {\url{http://www.petricode.org/files/swprotocol.tar.gz}},
  owner = {kent},
  timestamp = {2011.09.07}
}

@article{CPNTOOLSPAPER,
year={2007},
issn={1433-2779},
journal={International Journal on Software Tools for Technology Transfer},
volume={9},
number={3-4},
doi={10.1007/s10009-007-0038-x},
title={{Coloured Petri Nets and CPN Tools for modelling and validation of concurrent systems}},
url={http://dx.doi.org/10.1007/s10009-007-0038-x},
publisher={Springer-Verlag},
keywords={Coloured Petri Nets; Discrete-event systems; Behavioural modelling; Validation; Simulation; Verification; State space methods; Model checking; Performance analysis; Visualisation},
author={Jensen, K. and Kristensen, L.M. and Wells, L.},
pages={213-254},
language={English}
}

@MANUAL{GroovyTemplates,
  title = {{Groovy Templates}},
  author = {{Groovy}},
  note = {http://groovy.codehaus.org/Groovy+Templates},
  owner = {kent},
  timestamp = {2011.09.07}
}

@ARTICLE{5341329,
author={Babich, F. and Deotto, L.},
journal={Communications Surveys Tutorials, IEEE},
title={Formal methods for specification and analysis of communication protocols},
year={2002},
volume={4},
number={1},
pages={2-20},
keywords={formal specification;signalling protocols;transport protocols;communication protocols;concurrent processes;description techniques;distributed systems;formal methods;graphical syntax;mathematically-based techniques;retransmission protocol;signaling protocols;software development;synthetic description;textual syntax;Application software;Automatic testing;Computer languages;Costs;Flexible manufacturing systems;Protocols;Software maintenance;State-space methods;System testing;Virtual prototyping},
doi={10.1109/COMST.2002.5341329},
ISSN={1553-877X},}

@MISC{SDL,
    author = {ITU-T},
    title = {Recommendation Z.100 (11/99) Specification and description language (SDL)},
    year = {1999}
}

@InProceedings{kindler:2010,
  author = {E. Kindler},
  title = {{Model-based Software Engineering; The challenges of modelling behaviour}},
  booktitle = {Proc. of BM-FA '10},
  pages = {4:1--4:8},
  year = 	 2010,
  publisher = {ACM electronic libraries}
}

@MANUAL{JADE,
  title = {{Project Web Site}},
  author = {{Jade}},
  note = {http://homepages.dcc.ufmg.br/~coelho/jade.html},
  owner = {kent},
  timestamp = {2011.09.07}
}
@INPROCEEDINGS{876040,
author={Pereira, C.L. and da Silva, D.C., Jr. and Duarte, R.G. and Fernandes, A.O. and Canaan, L.H. and Coelho, C.J.N. and Ambrosio, L.L.},
booktitle={Proc. SBCCI '00},
title={JADE: An embedded systems specification, code generation and optimization tool},
year={2000},
pages={263-268},
keywords={embedded systems;formal languages;specification languages;JADE;SDL;code generation;development process;embedded systems specification;formal languages;formal methods;optimization tool;system development process;Coherence;Communication switching;Context;Embedded system;Formal languages;Formal specifications;Protocols;Prototypes;System performance},
doi={10.1109/SBCCI.2000.876040},}

@article{lazuar2010tool,
  title={Tool Support for fUML Models},
  author={Laz{\u{a}}r, Codruț-Lucian and Laz{\u{a}}r, Ioan and P{\^a}rv, Bazil and Motogna, Simona and Czibula, Istvan Gergely},
  journal={Int. J. of Computers, Communications \& Control},
  volume={5},
  number={5},
  pages={775--782},
  year={2010}
}

@inproceedings{tolvanen2004metaedit,
  title={MetaEdit+: domain-specific modeling for full code generation demonstrated},
  author={Tolvanen, Juha-Pekka},
  booktitle={proc. of OOPSLA'04},
  pages={39--40},
  year={2004},
  organization={ACM}
}
@article{tolvanen2004making,
  title={Making model-based code generation work},
  author={Tolvanen, Juha-Pekka},
  journal={Embedded Systems Europe},
  volume={8},
  number={60},
  pages={36--38},
  year={2004}
}
@inproceedings{safa2007making,
  title={The making of user-interface designer a proprietary DSM tool},
  author={Safa, Laurent},
  booktitle={7th OOPSLA workshop on domain-specific modeling (DSM)},
  pages={14},
  year={2007},
  organization={Citeseer}
}

@INPROCEEDINGS{5720187,
author={Ansari, J. and Xi Zhang and Salikeen, O. and Mahonen, P.},
booktitle={Wireless On-Demand Network Systems and Services (WONS), 2011 Eighth International Conference on},
title={Enabling flexible medium access design for wireless sensor networks},
year={2011},
pages={158-163},
keywords={access protocols;graphical user interfaces;program compilers;telecommunication computing;wireless sensor networks;MAC protocol design;MAC solution prototyping;autocode generation;component reusability;flexible medium access design;interactive graphical user interface;wireless sensor networks;Graphical user interfaces;Media Access Protocol;Random access memory;Read only memory;Sensors;XML},
doi={10.1109/WONS.2011.5720187},}

@MANUAL{OMG03MDA,
  title = {{MDA Guide}},
  author = {{Object Management Group}},
  month = {June},
  year = {2003},
  note = {\url{http://www.omg.org/cgi-bin/doc?omg/03-06-01}},
  file = {:../literature/OMG03MDA.pdf:},
  number = {1.0.1},
  owner = {aronnax},
  timestamp = {2010.02.09}
}
@MANUAL{MDA,
  title = {{Web Site}},
  author = {{OMG Model Driven Architecture}},
  note = {\url{http://www.omg.org/mda/}},
  owner = {aronnax},
  timestamp = {2009.01.06}
}
@MANUAL{M2T,
  title = {{Eclipse Model To Text (M2T)}},
  author = {{IBM}},
  note = {\url{http://www.eclipse.org/modeling/m2t/}},
  owner = {fma},
  timestamp = {2010.05.03}
}

@INPROCEEDINGS{petricodePaper,
author={K.I.F. Simonsen},
booktitle={{SEFM 2013 Collocated Workshops: BEAT2, WS-FMDS, FM-RAIL-Bok, MoKMaSD, and OpenCert}},
title={{PetriCode: A Tool for Template-based Code Generation from CPN Models}},
volume = 	 8368,
series =  {LNCS},
publisher = {Springer},
pages = {151--166}
year={2014},
}


@inproceedings{Posnett:2011:SMS:1985441.1985454,
 author = {Posnett, D. and Hindle, A. and Devanbu, P.},
 title = {A simpler model of software readability},
 booktitle = {Proceedings of MSR '11},
 series = {MSR '11},
 year = {2011},
 isbn = {978-1-4503-0574-7},
 location = {Honolulu, HI, USA},
 pages = {73--82},
 numpages = {10},
 url = {http://doi.acm.org/10.1145/1985441.1985454},
 doi = {10.1145/1985441.1985454},
 acmid = {1985454},
 publisher = {ACM},
 
 keywords = {entropy, halstead, readability, replication},
} 



@MANUAL{APACHE_FTPSERVER,
  title = {{Apache FtpServer}},
  author = {{The Apache Software Foundation}},
  note = {\url{http://mina.apache.org/ftpserver-project/}},
}

@MANUAL{APACE_HTTP_CORE,
  title = {{Apache HttpCore}},
  author = {{The Apache Software Foundation}},
  note = {\url{https://hc.apache.org/httpcomponents-core-ga/}},
}


@MANUAL{APACE_COMMONS_NET,
  title = {{Apache Commons Net}},
  author = {{The Apache Software Foundation}},
  note = {\url{http://commons.apache.org/proper/commons-net/}},
}


@MANUAL{BUSE-TOOL,
  title = {{A Metric for Software Readability}},
  author = {{R. P. L. Buse}},
  note = {\url{http://www.arrestedcomputing.com/readability/}},
}

@MANUAL{NETTY,
  title = {{Netty}},
  author = {{The Netty project}},
  note = {\url{http://netty.io}},
}

@MANUAL{KNUTH_WEBPAGE,
  title = {{Website}},
  author = {{Donald Knuth}},
  note = {\url{http://www-cs-faculty.stanford.edu/~knuth/}},
}
@book{Gosling:2005:JLS:1036643,
 author = {Gosling, J. and Joy, B. and Steele, G. and Bracha, G.},
 title = {Java(TM) Language Specification, The (3rd Edition) (Java (Addison-Wesley))},
 year = {2005},
 isbn = {0321246780},
 publisher = {Addison-Wesley Professional},
} 


@inproceedings{hickey2008clojure,
  title={The Clojure programming language},
  author={Hickey, R.},
  booktitle={Proceedings of the 2008 symposium on Dynamic languages},
  pages={1},
  year={2008},
  organization={ACM}
}

@inproceedings{van2007python,
  title={Python Programming Language.},
  author={Van Rossum, Guido and others},
  booktitle={USENIX Annual Technical Conference},
  year={2007}
}

@book{NIO,
  title={Java NIO$\backslash$ c Ron Hitchens},
  author={Hitchens, R.},
  year={2002},
  publisher={O'Reilly Media, Inc.}
}

@book{levis2009tinyos,
  title={TinyOS programming},
  author={Levis, P. and Gay, D.},
  year={2009},
  publisher={Cambridge University Press}
}

@Manual{R,
    title = {R: A Language and Environment for Statistical Computing},
    author = {{R Core Team}},
    organization = {R Foundation for Statistical Computing},
    address = {Vienna, Austria},
    year = {2013},
    url = {http://www.R-project.org/},
  }
  
  
  
@Manual{Autobahn,
    title = { Autobahn|Testsuite},
    author = {{Tavendo GmbH}},
    note = {{\url{http://autobahn.ws/testsuite/}}},
}
  
@article{fette2011websocket,
  title={The websocket protocol},
  author={Fette, I. and Melnikov, A.},
  organization = {IETF},	
  year={2011},
  note = {{\\ \url{http://tools.ietf.org/html/rfc6455}}}
}

@article{KrBH:TELE09,
author = {Frank Alexander Kraemer and Rolv Br{\ae}k and Peter Herrmann},
journal = {Telektronikk},
number = {2009.1},
title = {{Compositional Service Engineering with Arctis}},
volume = {105},
year = {2009}}

@inproceedings{killian2007mace,
  title={Mace: language support for building distributed systems},
  author={Killian, C. E. and Anderson, J. W. and Braud, R. and Jhala, R. and Vahdat, A. M},
  booktitle={ACM SIGPLAN Notices},
  volume={42},
  number={6},
  pages={179--188},
  year={2007},
  organization={ACM}
}
